@book{fode,
  author = {Joe Reiss and Matt Housley},
  year = {2022},
  title = {Fundamentals of Data Engineering},
  publisher = {O'Reilly},
  edition = {1}
}

@book{accel,
  author = {Nicole Forsgren, Jez Humble and Gene Kim},
  year = {2018},
  title = {Accelerate: Building and Scaling High Performing Technology Organiztions},
  publisher = {IT Revolution},
  edition = {1}
}

@book{seg,
  author = {Titus Winters, Tom Manshreck and Hyrum Wright},
  year = {2020},
  title = {Software Engineering at Google},
  publisher = {O'Reilly},
  edition = {1}
}

@book{hots,
  author = {Timothy Falcon Crack},
  year = {2021},
  title = {Heard on The Street: Quantitative Questions from Wall Street Job Interviews},
  publisher = {O'Reilly},
  edition = {22}
}

@book{ctci,
  author = {Gayle Laakmann McDowell},
  year = {2019},
  title = {Cracking the Coding Interview},
  publisher = {CareerCup},
  edition = {6}
}

@book{
  ddia,
  author = {Martin Kleppmann},
  year = {2019},
  title = {Designing Data-Intensive Applications},
  publisher = {O'Reilly},
  edition = {7}
}

@online{Hackr23,
    title = {Python Interview Questions},  
    author = {Hackr.IO},  
    year = {2023},
    url = {https://hackr.io/blog/python-interview-questions},   
    urldate      = {30/10/2023}
}